<record><leader>00000cas a22000007a 4500</leader><controlfield tag="001">26821566</controlfield><controlfield tag="008">921020d188518uumoudr ne      0    0eng d</controlfield><datafield ind1=" " ind2=" " tag="010"><subfield code="a">sn 92058925 </subfield></datafield><datafield ind1=" " ind2=" " tag="040"><subfield code="a">MQN</subfield><subfield code="b">eng</subfield><subfield code="c">MQN</subfield><subfield code="d">OCLCQ</subfield></datafield><datafield ind1=" " ind2=" " tag="042"><subfield code="a">msc</subfield></datafield><datafield ind1="0" ind2=" " tag="130"><subfield code="a">Holden enterprise (Holden, Mo. : Daily)</subfield></datafield><datafield ind1="1" ind2="4" tag="245"><subfield code="a">The Holden enterprise.</subfield></datafield><datafield ind1="3" ind2="0" tag="246"><subfield code="a">Daily enterprise</subfield></datafield><datafield ind1=" " ind2=" " tag="260"><subfield code="a">Holden, Mo. :</subfield><subfield code="b">Mittong &amp; Crisp</subfield></datafield><datafield ind1=" " ind2=" " tag="300"><subfield code="a">v.</subfield></datafield><datafield ind1=" " ind2=" " tag="310"><subfield code="a">Daily</subfield></datafield><datafield ind1="1" ind2=" " tag="362"><subfield code="a">Vol. 1, no. 1 (Sept. 1, 1885)-</subfield></datafield><datafield ind1=" " ind2="4" tag="651"><subfield code="a">Holden (Mo.)</subfield><subfield code="v">Newspapers.</subfield></datafield><datafield ind1=" " ind2=" " tag="752"><subfield code="a">United States</subfield><subfield code="b">Missouri</subfield><subfield code="c">Johnson</subfield><subfield code="d">Holden.</subfield></datafield><datafield ind1="0" ind2=" " tag="775"><subfield code="t">Holden enterprise (Holden, Mo. : Weekly)</subfield><subfield code="w">(DLC)sn 85033937</subfield></datafield><datafield ind1="1" ind2=" " tag="029"><subfield code="a">AU@</subfield><subfield code="b">000020724572</subfield></datafield></record>